<record><leader>00000cas a2200000 a 4500</leader><controlfield tag="001">32678575</controlfield><controlfield tag="008">950620d19411941cauuu ne      0    0eng c</controlfield><datafield ind1=" " ind2=" " tag="010"><subfield code="a">sn 95061783 </subfield></datafield><datafield ind1=" " ind2=" " tag="040"><subfield code="a">CNK</subfield><subfield code="b">eng</subfield><subfield code="c">CNK</subfield><subfield code="d">OCL</subfield><subfield code="d">OCLCQ</subfield><subfield code="d">CNK</subfield><subfield code="d">OCLCQ</subfield><subfield code="d">OCLCF</subfield><subfield code="d">OCLCO</subfield></datafield><datafield ind1="1" ind2=" " tag="029"><subfield code="a">AU@</subfield><subfield code="b">000011782663</subfield></datafield><datafield ind1=" " ind2=" " tag="042"><subfield code="a">pcc</subfield></datafield><datafield ind1=" " ind2=" " tag="043"><subfield code="a">n-us-ca</subfield></datafield><datafield ind1="0" ind2=" " tag="130"><subfield code="a">Tiller-booster (Arvin, Calif. : 1941)</subfield></datafield><datafield ind1="1" ind2="0" tag="245"><subfield code="a">Tiller-booster.</subfield></datafield><datafield ind1="1" ind2="7" tag="246"><subfield code="a">Arvin tiller-booster</subfield></datafield><datafield ind1=" " ind2=" " tag="260"><subfield code="a">Arvin, Kern County, Calif. :</subfield><subfield code="b">Frank D. Reed</subfield></datafield><datafield ind1=" " ind2=" " tag="300"><subfield code="a">v.</subfield></datafield><datafield ind1="0" ind2=" " tag="362"><subfield code="a">-v. 3, no. 21 (June 20, 1941) = v. 1, no. 40.</subfield></datafield><datafield ind1=" " ind2=" " tag="530"><subfield code="a">Master negatives are available for duplication from:</subfield><subfield code="b">California Newspaper Microfilm Archive;</subfield><subfield code="c">positive copies may be purchased by the reel; for further information consult the CNMA at:</subfield><subfield code="u">http://cbsr.ucr.edu</subfield></datafield><datafield ind1=" " ind2=" " tag="588"><subfield code="a">Description based on: Vol. 3, no. 21 (June 20, 1941) = vol. 1, no. 40.</subfield></datafield><datafield ind1=" " ind2="0" tag="651"><subfield code="a">Arvin (Calif.)</subfield><subfield code="v">Newspapers.</subfield></datafield><datafield ind1=" " ind2="7" tag="655"><subfield code="a">Newspapers.</subfield><subfield code="2">fast</subfield><subfield code="0">(OCoLC)fst01423814</subfield></datafield><datafield ind1=" " ind2="7" tag="651"><subfield code="a">California</subfield><subfield code="z">Arvin.</subfield><subfield code="2">fast</subfield><subfield code="0">(OCoLC)fst01250290</subfield></datafield><datafield ind1=" " ind2=" " tag="752"><subfield code="a">United States</subfield><subfield code="b">California</subfield><subfield code="c">Kern</subfield><subfield code="d">Arvin.</subfield></datafield><datafield ind1="0" ind2="0" tag="785"><subfield code="t">Arvin tiller (Arvin, Calif. : 1941)</subfield><subfield code="w">(DLC)sn 95061784</subfield></datafield></record>